<?xml version="1.0" encoding="UTF-8"?><collection xmlns="http://www.loc.gov/MARC21/slim"><record><leader>00476nam--2200193-i-4500</leader><controlfield tag="001">000013292</controlfield><controlfield tag="002">20161230</controlfield><controlfield tag="005">20161230201030</controlfield><controlfield tag="008">060222s1000------------r-----000-0-eng-d</controlfield><datafield ind1=" " ind2=" " tag="040"><subfield code="a">IFIN-HH</subfield></datafield><datafield ind1=" " ind2=" " tag="080"><subfield code="a">800.7+802.0</subfield></datafield><datafield ind1="1" ind2=" " tag="100"><subfield code="a">Alhinc, J</subfield></datafield><datafield ind1="1" ind2="0" tag="245"><subfield code="a">100 lecons d'anglais</subfield><subfield code="c">J. alhinc, malcolm l. clay</subfield></datafield><datafield ind1=" " ind2=" " tag="260"><subfield code="a">Paris</subfield><subfield code="b">Dunod</subfield><subfield code="c">1967</subfield></datafield><datafield ind1=" " ind2=" " tag="300"><subfield code="a">2 VOL</subfield></datafield><datafield ind1="1" ind2=" " tag="700"><subfield code="a">Clay, Malcolm L</subfield></datafield><datafield ind1="1" ind2=" " tag="787"><subfield code="a">Tome 2</subfield><subfield code="h">Vi+309p</subfield></datafield><datafield ind1=" " ind2=" " tag="852"><subfield code="a">20956</subfield><subfield code="c">4</subfield></datafield><datafield ind1=" " ind2=" " tag="CAT"><subfield code="a">Sys</subfield><subfield code="c">20130130</subfield><subfield code="h">174508</subfield></datafield></record></collection>